<?xml version="1.0" encoding="UTF-8"?><collection xmlns="http://www.loc.gov/MARC21/slim"><record><leader>00357nam--2200145-i-4500</leader><controlfield tag="001">000016961</controlfield><controlfield tag="002">20161230</controlfield><controlfield tag="005">20170302224951</controlfield><controlfield tag="008">060222s1000------------r-----000-0-eng-d</controlfield><datafield ind1=" " ind2=" " tag="245"><subfield code="a">Current topics in biophysics</subfield></datafield><datafield ind1=" " ind2=" " tag="260"><subfield code="a">Iasi</subfield><subfield code="b">University Press</subfield><subfield code="c">1993</subfield></datafield><datafield ind1=" " ind2=" " tag="300"><subfield code="a">244 p</subfield></datafield><datafield ind1=" " ind2=" " tag="700"><subfield code="a">Frangopol, Petre T</subfield></datafield><datafield ind1=" " ind2=" " tag="852"><subfield code="a">577.38</subfield></datafield><datafield ind1=" " ind2=" " tag="CAT"><subfield code="a">SYS</subfield><subfield code="c">20170302</subfield><subfield code="h">224951</subfield></datafield></record></collection>